@article{gretton05a,
  author  = {Arthur Gretton and Ralf Herbrich and Alexander Smola and Olivier Bousquet and Bernhard Sch{\"o}lkopf},
  title   = {Kernel Methods for Measuring Independence},
  journal = {Journal of Machine Learning Research},
  year    = {2005},
  volume  = {6},
  number  = {70},
  pages   = {2075--2129},
  url     = {http://jmlr.org/papers/v6/gretton05a.html}
}

@misc{matthews2018gaussianprocessbehaviourwide,
      title={Gaussian Process Behaviour in Wide Deep Neural Networks}, 
      author={Alexander G. de G. Matthews and Mark Rowland and Jiri Hron and Richard E. Turner and Zoubin Ghahramani},
      year={2018},
      eprint={1804.11271},
      archivePrefix={arXiv},
      primaryClass={stat.ML},
      url={https://arxiv.org/abs/1804.11271}, 
}

@inproceedings{Novak2018BayesianDC,
  title={Bayesian Deep Convolutional Networks with Many Channels are Gaussian Processes},
  author={Roman Novak and Lechao Xiao and Yasaman Bahri and Jaehoon Lee and Greg Yang and Jiri Hron and Daniel A. Abolafia and Jeffrey Pennington and Jascha Narain Sohl-Dickstein},
  booktitle={International Conference on Learning Representations},
  year={2018},
}

@inproceedings{lee_2019_wide-nets-linear,
 author = {Lee, Jaehoon and Xiao, Lechao and Schoenholz, Samuel and Bahri, Yasaman and Novak, Roman and Sohl-Dickstein, Jascha and Pennington, Jeffrey},
 booktitle = {Advances in Neural Information Processing Systems},
 pages = {},
 publisher = {Curran Associates, Inc.},
 title = {Wide Neural Networks of Any Depth Evolve as Linear Models Under Gradient Descent},
 url = {https://proceedings.neurips.cc/paper_files/paper/2019/file/0d1a9651497a38d8b1c3871c84528bd4-Paper.pdf},
 volume = {32},
 year = {2019}
}

@inproceedings{jacot_2018_ntk,
 author = {Jacot, Arthur and Gabriel, Franck and Hongler, Clement},
 booktitle = {Advances in Neural Information Processing Systems},
 pages = {},
 publisher = {Curran Associates, Inc.},
 title = {Neural Tangent Kernel: Convergence and Generalization in Neural Networks},
 url = {https://proceedings.neurips.cc/paper_files/paper/2018/file/5a4be1fa34e62bb8a6ec6b91d2462f5a-Paper.pdf},
 volume = {31},
 year = {2018}
}

@inproceedings{bobby_2020_bayesian-ensembles-ntk,
 author = {He, Bobby and Lakshminarayanan, Balaji and Teh, Yee Whye},
 booktitle = {Advances in Neural Information Processing Systems},
 pages = {1010--1022},
 publisher = {Curran Associates, Inc.},
 title = {Bayesian Deep Ensembles via the Neural Tangent Kernel},
 url = {https://proceedings.neurips.cc/paper_files/paper/2020/file/0b1ec366924b26fc98fa7b71a9c249cf-Paper.pdf},
 volume = {33},
 year = {2020}
}


@InProceedings{hemachandra23a,
  title = 	 {Training-Free Neural Active Learning with Initialization-Robustness Guarantees},
  author =       {Hemachandra, Apivich and Dai, Zhongxiang and Singh, Jasraj and Ng, See-Kiong and Low, Bryan Kian Hsiang},
  booktitle = 	 {Proceedings of the 40th International Conference on Machine Learning},
  pages = 	 {12931--12971},
  year = 	 {2023},
  volume = 	 {202},
  series = 	 {Proceedings of Machine Learning Research},
  month = 	 {23--29 Jul},
  publisher =    {PMLR},
  pdf = 	 {https://proceedings.mlr.press/v202/hemachandra23a/hemachandra23a.pdf},
  url = 	 {https://proceedings.mlr.press/v202/hemachandra23a.html},
}

@INPROCEEDINGS{englisch_1994_corr-mse,
  author={Englisch, H. and Hiemstra, Y.},
  booktitle={Proceedings of 1994 IEEE International Conference on Neural Networks (ICNN'94)}, 
  title={The correlation as cost function in neural networks}, 
  year={1994},
  volume={5},
  number={},
  pages={3170-3172 vol.5},
  keywords={Cost function;Intelligent networks;Neural networks;Economic forecasting;Feedforward neural networks;Linear regression;Transfer functions;Robustness;Error analysis;Convergence},
  doi={10.1109/ICNN.1994.374741}}

@article{poyser_2024_nas-review,
title = {Neural architecture search: A contemporary literature review for computer vision applications},
journal = {Pattern Recognition},
volume = {147},
pages = {110052},
year = {2024},
issn = {0031-3203},
doi = {https://doi.org/10.1016/j.patcog.2023.110052},
url = {https://www.sciencedirect.com/science/article/pii/S0031320323007495},
author = {Matt Poyser and Toby P. Breckon},
keywords = {Neural architecture search, Classification, Detection, Segmentation},
}

@inproceedings{chen2020tenas,
  title={Neural Architecture Search on ImageNet in Four GPU Hours: A Theoretically Inspired Perspective},
  author={Chen, Wuyang and Gong, Xinyu and Wang, Zhangyang},
  booktitle={International Conference on Learning Representations},
  year={2021}
}


@InProceedings{pmlr-v139-xu21m,
  title = 	 {KNAS: Green Neural Architecture Search},
  author =       {Xu, Jingjing and Zhao, Liang and Lin, Junyang and Gao, Rundong and Sun, Xu and Yang, Hongxia},
  booktitle = 	 {Proceedings of the 38th International Conference on Machine Learning},
  pages = 	 {11613--11625},
  year = 	 {2021},
  editor = 	 {Meila, Marina and Zhang, Tong},
  volume = 	 {139},
  series = 	 {Proceedings of Machine Learning Research},
  month = 	 {18--24 Jul},
  publisher =    {PMLR},
  pdf = 	 {http://proceedings.mlr.press/v139/xu21m/xu21m.pdf},
  url = 	 {https://proceedings.mlr.press/v139/xu21m.html},
}

@inproceedings{dong2020nasbench201,
  title     = {NAS-Bench-201: Extending the Scope of Reproducible Neural Architecture Search},
  author    = {Dong, Xuanyi and Yang, Yi},
  booktitle = {International Conference on Learning Representations (ICLR)},
  url       = {https://openreview.net/forum?id=HJxyZkBKDr},
  year      = {2020}
}

@inproceedings{
liu2018darts,
title={{DARTS}: Differentiable Architecture Search},
author={Hanxiao Liu and Karen Simonyan and Yiming Yang},
booktitle={International Conference on Learning Representations},
year={2019},
url={https://openreview.net/forum?id=S1eYHoC5FX},
}

@misc{akaho2007kcca,
      title={A kernel method for canonical correlation analysis}, 
      author={Shotaro Akaho},
      year={2007},
      eprint={cs/0609071},
      archivePrefix={arXiv},
      primaryClass={cs.LG},
      url={https://arxiv.org/abs/cs/0609071}, 
}

@InProceedings{thomas2001kcca,
author="Melzer, Thomas
and Reiter, Michael
and Bischof, Horst",
editor="Dorffner, Georg
and Bischof, Horst
and Hornik, Kurt",
title="Nonlinear Feature Extraction Using Generalized Canonical Correlation Analysis",
booktitle="Artificial Neural Networks --- ICANN 2001",
year="2001",
publisher="Springer Berlin Heidelberg",
address="Berlin, Heidelberg",
pages="353--360",
isbn="978-3-540-44668-2"
}

@InProceedings{ying19nasbench101,
    title =     {{NAS}-Bench-101: Towards Reproducible Neural Architecture Search},
    author =    {Ying, Chris and Klein, Aaron and Christiansen, Eric and Real, Esteban and Murphy, Kevin and Hutter, Frank},
    booktitle = {Proceedings of the 36th International Conference on Machine Learning},
    pages =     {7105--7114},
    year =      {2019},
        volume =    {97},
    series =    {Proceedings of Machine Learning Research},
    address =   {Long Beach, California, USA},
    month =     {09--15 Jun},
    publisher = {PMLR},
    url =       {http://proceedings.mlr.press/v97/ying19a.html},
}

@misc{
siems2021nasbench,
title={{\{}NAS{\}}-Bench-301 and the Case for Surrogate Benchmarks for Neural Architecture Search},
author={Julien Niklas Siems and Lucas Zimmer and Arber Zela and Jovita Lukasik and Margret Keuper and Frank Hutter},
year={2021},
url={https://openreview.net/forum?id=1flmvXGGJaa}
}

@inproceedings{
li2021hwnasbench,
title={{\{}HW{\}}-{\{}NAS{\}}-Bench: Hardware-Aware Neural Architecture Search Benchmark},
author={Chaojian Li and Zhongzhi Yu and Yonggan Fu and Yongan Zhang and Yang Zhao and Haoran You and Qixuan Yu and Yue Wang and Yingyan (Celine) Lin},
booktitle={International Conference on Learning Representations},
year={2021},
url={https://openreview.net/forum?id=_0kaDkv3dVf}
}

@InProceedings{gretton2005hsic,
author="Gretton, Arthur
and Bousquet, Olivier
and Smola, Alex
and Sch{\"o}lkopf, Bernhard",
editor="Jain, Sanjay
and Simon, Hans Ulrich
and Tomita, Etsuji",
title="Measuring Statistical Dependence with Hilbert-Schmidt Norms",
booktitle="Algorithmic Learning Theory",
year="2005",
publisher="Springer Berlin Heidelberg",
address="Berlin, Heidelberg",
pages="63--77",
isbn="978-3-540-31696-1"
}

@article{cortes12kta,
  author  = {Corinna Cortes and Mehryar Mohri and Afshin Rostamizadeh},
  title   = {Algorithms for Learning Kernels Based on Centered Alignment},
  journal = {Journal of Machine Learning Research},
  year    = {2012},
  volume  = {13},
  number  = {28},
  pages   = {795--828},
  url     = {http://jmlr.org/papers/v13/cortes12a.html}
}

@InProceedings{chang13hsic,
  title = 	 {Canonical Correlation Analysis based on Hilbert-Schmidt Independence Criterion and Centered Kernel Target Alignment},
  author = 	 {Chang, Billy and Kruger, Uwe and Kustra, Rafal and Zhang, Junping},
  booktitle = 	 {Proceedings of the 30th International Conference on Machine Learning},
  pages = 	 {316--324},
  year = 	 {2013},
    volume = 	 {28},
  series = 	 {Proceedings of Machine Learning Research},
  address = 	 {Atlanta, Georgia, USA},
  month = 	 {17--19 Jun},
  publisher =    {PMLR},
  pdf = 	 {http://proceedings.mlr.press/v28/chang13.pdf},
  url = 	 {https://proceedings.mlr.press/v28/chang13.html},
}